<record><leader>00000cas a22000007a 4500</leader><controlfield tag="001">16753747</controlfield><controlfield tag="008">870925c19879999wiuwr ne      0    0eng d</controlfield><datafield ind1=" " ind2=" " tag="010"><subfield code="a">sn 87082841 </subfield></datafield><datafield ind1=" " ind2=" " tag="040"><subfield code="a">NPV</subfield><subfield code="b">eng</subfield><subfield code="c">NPV</subfield><subfield code="d">OCLCQ</subfield></datafield><datafield ind1=" " ind2=" " tag="042"><subfield code="a">msc</subfield></datafield><datafield ind1="0" ind2="0" tag="245"><subfield code="a">South Milwaukee voice graphic.</subfield></datafield><datafield ind1=" " ind2=" " tag="260"><subfield code="a">South Milwaukee, Wis. :</subfield><subfield code="b">Community Newspapers Inc.,</subfield><subfield code="c">1987-</subfield></datafield><datafield ind1=" " ind2=" " tag="300"><subfield code="a">v.</subfield></datafield><datafield ind1=" " ind2=" " tag="310"><subfield code="a">Weekly</subfield></datafield><datafield ind1="0" ind2=" " tag="362"><subfield code="a">95th year, no. 31 (Aug. 6, 1987)-</subfield></datafield><datafield ind1=" " ind2=" " tag="752"><subfield code="a">United States</subfield><subfield code="b">Wisconsin</subfield><subfield code="c">Milwaukee</subfield><subfield code="d">South Milwaukee.</subfield></datafield><datafield ind1="0" ind2="4" tag="780"><subfield code="t">South Milwaukee voice journal</subfield><subfield code="w">(DLC)sn 86086308</subfield></datafield><datafield ind1="0" ind2="4" tag="780"><subfield code="t">South Milwaukee news graphic</subfield><subfield code="w">(DLC)sn 86086312</subfield></datafield></record>